% This file was created with JabRef 2.6.
% Encoding: UTF-8

@Book{WIPO2016,
 author = {WIPO},
 publisher = {WIPO},
 title = {Understanding Industrial Property},
 year = {2016},
 address = {Geneva, Switzerland},
 isbn = {978-92-805-2588-5}
 }
 
@Book{howe2013concepts,
 author = {Howe, Helena},
 title = {Concepts of property in intellectual property law},
 publisher = {Cambridge University Press},
 year = {2013},
 address = {Cambridge},
 isbn = {978-1107041820}
 }

@Book{koskenniemi2002the,
 author = {Koskenniemi, Martti},
 title = {The gentle civilizer of nations : the rise and fall of international law, 1870-1960},
 publisher = {Cambridge University Press},
 year = {2002},
 address = {Cambridge, UK New York},
 isbn = {978-0-521-56363-5.}
 }
 
 @Book{basso2000o,
 author = {Basso, Maristela},
 title = {O direito internacional da propriedade intelectual},
 publisher = {Livr. do Advogado},
 year = {2000},
 address = {Porto Alegre},
 isbn = {8573481528}
 }

@Book{adolfo2008propriedade,
 author = {Adolfo, Luiz},
 title = {Propriedade intelectual em perspectiva},
 publisher = {Editora Lumen Juris},
 year = {2008},
 address = {Rio de Janeiro},
 isbn = {9788537503393}
 }
 
 @Book{leal2010do,
 author = {Leal, Ondina},
 title = {Do regime de propriedade intelectual : estudos antropológicos},
 publisher = {Tomo Editorial},
 year = {2010},
 address = {Porto Alegre},
 isbn = {978-85-86225-65-9}
 }
 
 @Book{cerqueira1982tratado,
 author = {Cerqueira, João da Gama},
 title = {Tratado da propriedade industrial},
 publisher = {Editora Revista dos Tribunais},
 year = {1982},
 address = {São Paulo},
 isbn = {9788520302200}
 }

@article{buainain2005propriedade,
  title={Propriedade intelectual e inova{\c{c}}{\~a}o tecnol{\'o}gica: algumas quest{\~o}es para o debate atual},
  author={Buainain, Antonio M{\'a}rcio and Carvalho, SMP DE and Paulino, Sonia Regina and Yamamura, Simone},
  journal={O futuro da ind{\'u}stria: cadeias produtivas},
  volume={1601},
  pages={11--38},
  year={2005}
}

@misc{buainain2004inovaccao,
  title={Inova{\c{c}}{\~a}o e Gest{\~a}o dos Ativos Intang{\'\i}veis de Propriedade Intelectual em um Mundo Globalizado},
  author={BUAINAIN, AM and CARVALHO, SMP},
  year={2004}
}

@book{saldana2011fundamentals,
  title={Fundamentals of qualitative research},
  author={Saldana, Johnny},
  year={2011},
  publisher={OUP USA}
}

@book{may2002qualitative,
  title={Qualitative research in action},
  author={May, Tim},
  year={2002},
  publisher={Sage}
}

@book{computinghandbook2014,
 title={Computing Handbook: Information Systems and Information Technology},
 description={Computing Handbook: Information Systems and Information Technology (Book, 2014)},
 publisher={Chapman and Hall/CRC},
 year={2014},
 month={may},
 isbn={9781439898543}
}

@misc{briscoe2014digital,
  title={Digital innovation: The hackathon phenomenon},
  author={Briscoe, Gerard},
  year={2014}
}

@misc{barbosa2003introduccao,
  title={Uma introdu{\c{c}}{\~a}o {\`a} propriedade intelectual},
  author={Barbosa, Denis Borges},
  year={2003},
  publisher={Lumen Juris Rio de Janeiro}
}

@book{jungman2010,
  title={Inovação e propriedade intelectual: guia para o docente},
  author={JUNGMANN, Diana de Mello and BONETTI, Esther Aquemi},
  year={2010},
  publisher={SENAC},
  ISBN={978-85-7519-389-1}
}

@misc{impiSite,      
  title={Perguntas frequentes - Programa de computador},
  url={http://www.inpi.gov.br/servicos/perguntas-frequentes-paginas-internas/perguntas-frequentes-programa-de-computador}, 
  journal={Instituto Nacional da Propriedade Industrial}
}

@inbook{leideBerna,
  author={BRASIL},
  title = {DECRETO Nº 75.699},
  url = {http://www.planalto.gov.br/ccivil_03/decreto/1970-1979/d75699.htm},
  urlaccessdate = {19 mar. 2020},
  year= {1975}
 }%,
  %note = {Acessado: 19 mar. 2020}
%}

@article{zukin2017hackathons,
  title={Hackathons as Co-optation ritual: Socializing workers and institutionalizing innovation in the “new” economy},
  author={Zukin, Sharon and Papadantonakis, Max},
  journal={Precarious Work (Research in the Sociology of Work, Vol. 31), Emerald Publishing Limited},
  pages={157--181},
  year={2017}
}

@article{steele_2013, 
  title={Who Owns Hackathon Inventions?}, url={https://hbr.org/2013/06/who-owns-hackathon-inventions}, urlaccessdate = {19 mar. 2020},
  journal={Harvard Business Review}, 
  author={Steele, Alan}, 
  year={2013}
}

@article{pompa2013allen, 
  title={Your Creative, Open Hackathon Is Ripe for Ownership Disputes}, url={https://www.wired.com/2013/07/your-friendly-neighborhood-hackathon-might-not-be-so-open-after-all/}, urlaccessdate = {19 mai. 2020},
  journal={Wired (22 jul)}, 
  author={Pompa, S. AND Allen, S.}, 
  year={2013}
}

@misc{inpiPerguntasFrequentes,
    author = {Instituto Nacional da Propriedade Industrial},
    title = {Perguntas frequentes - Programa de computador},
    year={2018},
    urlaccessdate = {20 mar. 2020},
    url = {http://www.inpi.gov.br/servicos/perguntas-frequentes-paginas-internas/perguntas-frequentes-programa-de-computador}
}

@inbook{lei9610/98,
  author={BRASIL},
  title = {Lei Nº 9.610, de 19 de fevereiro de 1998},
  url = {http://www.planalto.gov.br/ccivil\_03/leis/l9610.htm},
  urlaccessdate = {19 mar. 2020},
  year= {1998}
 }
 
 @inbook{lei9609/98,
  author={BRASIL},
  title = {Lei Nº 9.609, de 19 de fevereiro de 1998},
  url = {http://www.planalto.gov.br/ccivil\_03/leis/l9609.htm},
  urlaccessdate = {19 mar. 2020},
  year= {1998}
 }
 
 @misc{gnu,
    author = {GNU/Linux},
    title = {O Sistema Operacional GNU},
    year={c2020},
    urlaccessdate = {08 abr. 2020},
    url = {https://www.gnu.org/}
 }

@misc{gnuFS,
    author = {GNU/Linux},
    title = {O que é o software livre?},
    year={c2020},
    urlaccessdate = {21 mar. 2020},
    url = {https://www.gnu.org/philosophy/free-sw.html}
}

@misc{openSource,
    author = {Open Souce Iniciative},
    title = {The Open Source Definition},
    year={c2020},
    urlaccessdate = {21 mar. 2020},
    url = {https://opensource.org/docs/osd}
}

@book{lakatos2017tecnicas,
  title={T{\'e}cnicas De Pesquisa},
  author={Lakatos, E.M. and De Andrade Marconi, M.},
  isbn={9788597012811},
  url={https://books.google.com.br/books?id=tQtQngEACAAJ},
  year={2017},
  publisher={ATLAS EDITORA}
}

@article{mayring2000,
author = {Mayring, Philipp},
year = {2000},
month = {06},
pages = {},
title = {Qualitative Content Analysis},
volume = {1},
journal = {Forum Qualitative Sozialforschung / Forum: Qualitative Social Research [On-line Journal], http://qualitative-research.net/fqs/fqs-e/2-00inhalt-e.htm}
}

@misc{taylor2003analyzing,
  title={Analyzing qualitative data},
  author={Taylor-Powell, Ellen and Renner, Marcus},
  year={2003},
  publisher={University of Wisconsin--Extension, Cooperative Extension}
}

@book{saldana2015coding,
  title={The coding manual for qualitative researchers},
  author={Salda{\~n}a, Johnny},
  year={2015},
  publisher={Sage}
}